%%%
AA.
%%%
@article{hale,
  title={The magnetic polarity of sun-spots},
  author={Hale, George E and Ellerman, Ferdinand and Nicholson, Seth Barnes and Joy, Alfred Harrison},
  journal={Astrophysical Journal, vol. 49, p. 153},
  volume={49},
  pages={153},
  year={1919}
}

@article{ph_filtration,
  title={A survey of topological machine learning methods},
  author={Hensel, Felix and Moor, Michael and Rieck, Bastian},
  journal={Frontiers in Artificial Intelligence},
  volume={4},
  pages={681108},
  year={2021},
  publisher={Frontiers Media SA}
}

@article{ph_image_filtration,
  title={A comparative study of machine learning methods for persistence diagrams},
  author={Barnes, Danielle and Polanco, Luis and Perea, Jose A},
  journal={Frontiers in Artificial Intelligence},
  volume={4},
  pages={681174},
  year={2021},
  publisher={Frontiers Media SA}
}

@inproceedings{pd_stability,
  title={Stability of persistence diagrams},
  author={Cohen-Steiner, David and Edelsbrunner, Herbert and Harer, John},
  booktitle={Proceedings of the twenty-first annual symposium on Computational geometry},
  pages={263--271},
  year={2005}
}

@article{pbars,
  title={Persistence homology of networks: methods and applications},
  author={Aktas, Mehmet E and Akbas, Esra and Fatmaoui, Ahmed El},
  journal={Applied Network Science},
  volume={4},
  number={1},
  pages={1--28},
  year={2019},
  publisher={Springer}
}

@book{eldest,
  title={Computational topology: an introduction},
  author={Edelsbrunner, Herbert and Harer, John L},
  year={2022},
  publisher={American Mathematical Society}
}

@article{persistence_curves,
  title={Persistence curves: a canonical framework for summarizing persistence diagrams. arXiv},
  author={Chung, YM and Lawson, A},
  journal={arXiv preprint arXiv:1904.07768},
  year={2019}
}

@article{persistence_landscapes,
  title={Statistical topological data analysis using persistence landscapes.},
  author={Bubenik, Peter and others},
  journal={J. Mach. Learn. Res.},
  volume={16},
  number={1},
  pages={77--102},
  year={2015}
}

@article{persistence_images,
  title={Persistence images: A stable vector representation of persistent homology},
  author={Adams, Henry and Emerson, Tegan and Kirby, Michael and Neville, Rachel and Peterson, Chris and Shipman, Patrick and Chepushtanova, Sofya and Hanson, Eric and Motta, Francis and Ziegelmeier, Lori},
  journal={Journal of Machine Learning Research},
  volume={18},
  number={8},
  pages={1--35},
  year={2017}
}

@article{homcloud,
  title={Persistent homology analysis for materials research and persistent homology software: HomCloud},
  author={Obayashi, Ippei and Nakamura, Takenobu and Hiraoka, Yasuaki},
  journal={journal of the physical society of japan},
  volume={91},
  number={9},
  pages={091013},
  year={2022},
  publisher={The Physical Society of Japan}
}